@book{WernersGrundlagen,
 author = {Werners, Brigitte, Koppka, Lisa; Steenweg, Pia, Becker, Tristan},
 year = {2013},
 title = {OR LS},
 address = {Berlin, Heidelberg and s.l.},
 edition = {3., {\"u}berarb. Aufl. 2013},
 publisher = {{Springer Berlin Heidelberg}},
 isbn = {978-3-642-40102-2},
 series = {Springer-Lehrbuch},
 doi = {10.1007/978-3-642-40102-2}
}